@article{chen2015xgboost,
  title={Xgboost: extreme gradient boosting},
  author={Chen, Tianqi and He, Tong and Benesty, Michael and Khotilovich, Vadim and Tang, Yuan and Cho, Hyunsu and others},
  journal={R package version 0.4-2},
  volume={1},
  number={4},
  pages={1--4},
  year={2015}
}

@article{taylor2018forecasting,
  title={Forecasting at scale},
  author={Taylor, Sean J and Letham, Benjamin},
  journal={The American Statistician},
  volume={72},
  number={1},
  pages={37--45},
  year={2018},
  publisher={Taylor \& Francis}
}

@article{triebe2019ar,
  title={AR-Net: A simple auto-regressive neural network for time-series},
  author={Triebe, Oskar and Laptev, Nikolay and Rajagopal, Ram},
  journal={arXiv preprint arXiv:1911.12436},
  year={2019}
}

@book{hyndman2018forecasting,
  title={Forecasting: principles and practice},
  author={Hyndman, Rob J and Athanasopoulos, George},
  year={2018},
  publisher={OTexts}
}

@book{hamilton2020time,
  title={Time series analysis},
  author={Hamilton, James Douglas},
  year={2020},
  publisher={Princeton university press}
}

@article{montero2020fforma,
  title={FFORMA: Feature-based forecast model averaging},
  author={Montero-Manso, Pablo and Athanasopoulos, George and Hyndman, Rob J and Talagala, Thiyanga S},
  journal={International Journal of Forecasting},
  volume={36},
  number={1},
  pages={86--92},
  year={2020},
  publisher={Elsevier}
}

@misc{kaggle,
title={Store Item Demand Forecasting Challenge},
howpublished=Kaggle,
year={2018}
}